EXCHANGE,TOKEN,SYMBOL,PRODUCT,ORDER_TYPE,TRANSACTION_TYPE,TRADED_QUANTITY,EXCHANGE_ORDER_ID,ORDER_ID,EXCHANGE_TIME,TIME_IN_MICRO,TRADED_PRICE,TRADE_ID
NSE_EQ,1023,FEDERALBNK,I,L,B,1,1100000000814444,180823000031512,23-Aug-2018 09:31:22,1534996882520216,81.85,25302801
NSE_EQ,1023,FEDERALBNK,D,L,B,1,1100000000887178,180823000034537,23-Aug-2018 09:33:58,1534997044894573,81.75,25340777

EXCHANGE,TOKEN,SYMBOL,PRODUCT,ORDER_TYPE,TRANSACTION_TYPE,TRADED_QUANTITY,EXCHANGE_ORDER_ID,ORDER_ID,EXCHANGE_TIME,TIME_IN_MICRO,TRADED_PRICE,TRADE_ID
NSE_EQ,11184,IDFCBANK,I,L,B,1,1100000000133626,180925000005976,25-Sep-2018 09:15:25,1537847268980972,38,25055699
NSE_EQ,30125,IBULHSGFIN,I,L,B,2,1100000004236240,180925000124662,25-Sep-2018 11:21:51,1537854713251675,917.75,26763229
NSE_EQ,14732,DLF,I,L,S,3,1000000008926827,180925000196303,25-Sep-2018 13:32:26,1537862918058045,176.2,3457650
NSE_EQ,3456,TATAMOTORS,I,L,B,2,1300000006492503,180925000224152,25-Sep-2018 14:15:15,1537866178071832,236.8,77748564
NSE_EQ,29124,PCJEWELLER,I,L,B,2,1200000000118410,180925000006030,25-Sep-2018 09:15:26,1537847348727010,71.5,50081227
NSE_EQ,14732,DLF,I,L,B,1,1000000011043898,180925000233812,25-Sep-2018 14:30:58,1537866186687502,169.4,4301555
NSE_EQ,14732,DLF,I,L,B,1,1000000010433816,180925000223567,25-Sep-2018 14:14:43,1537865960960634,171.2,4257804
NSE_EQ,3456,TATAMOTORS,I,L,S,6,1300000006227402,180925000215569,25-Sep-2018 14:03:58,1537865100114727,238.3,77599500
NSE_EQ,29124,PCJEWELLER,I,L,B,4,1200000000337087,180925000013625,25-Sep-2018 09:19:15,1537862076276788,68.8,52451121
NSE_EQ,14732,DLF,I,L,S,1,1000000011001398,180925000233136,25-Sep-2018 14:29:31,1537866032272042,172.1,4272355
NSE_EQ,11184,IDFCBANK,I,L,B,1,1100000000471699,180925000016226,25-Sep-2018 09:20:46,1537848033186774,37.9,25276159
NSE_EQ,11184,IDFCBANK,I,L,B,2,1100000001276711,180925000040226,25-Sep-2018 09:40:28,1537848664344860,37.5,25454799
NSE_EQ,1023,FEDERALBNK,I,L,B,1,1100000000376655,180925000013598,25-Sep-2018 09:19:14,1537848129705380,71.2,25304149
NSE_EQ,1333,HDFCBANK,I,L,S,1,1100000000361888,180925000013234,25-Sep-2018 09:18:59,1537847345085031,1921.9,25092776
NSE_EQ,30125,IBULHSGFIN,I,L,B,1,1100000003025942,180925000091534,25-Sep-2018 10:32:26,1537851774293724,938,26190766
NSE_EQ,404,BERGEPAINT,I,L,B,2,1000000000234161,180925000009497,25-Sep-2018 09:16:54,1537848624390034,285.95,431254
NSE_EQ,11184,IDFCBANK,I,L,B,2,1100000006361935,180925000178823,25-Sep-2018 13:09:08,1537861150089401,37.2,27773680
NSE_EQ,317,BAJFINANCE,I,L,B,1,1000000000128630,180925000005731,25-Sep-2018 09:15:21,1537847175560093,2217.6,18378
NSE_EQ,30125,IBULHSGFIN,I,L,B,1,1100000007648266,180925000209289,25-Sep-2018 13:54:05,1537864032625593,849,28410231
NSE_EQ,1594,INFY,I,L,B,1,1100000009105226,180925000242796,25-Sep-2018 14:47:28,1537868399005408,726.4,29436698
NSE_EQ,1023,FEDERALBNK,I,L,S,1,1100000000329000,180925000012408,25-Sep-2018 09:18:28,1537847340201362,71.3,25089782
NSE_EQ,30125,IBULHSGFIN,I,L,B,4,1100000006549885,180925000183013,25-Sep-2018 13:15:37,1537861538824378,798.85,27872030
NSE_EQ,30125,IBULHSGFIN,I,L,B,4,1100000006549885,180925000183013,25-Sep-2018 13:15:37,1537861538824299,798.85,27872029
NSE_EQ,29124,PCJEWELLER,I,L,S,3,1200000000336876,180925000013615,25-Sep-2018 09:19:15,1537853603172476,72.5,51250474
NSE_EQ,1023,FEDERALBNK,I,L,B,1,1100000005861934,180925000164377,25-Sep-2018 12:45:34,1537860304656250,71.2,27596661
NSE_EQ,1660,ITC,I,L,S,1,1100000000375617,180925000013578,25-Sep-2018 09:19:13,1537853472703920,297,26510541
NSE_EQ,11184,IDFCBANK,I,L,B,1,1100000000377344,180925000013613,25-Sep-2018 09:19:15,1537847381432531,38,25105022
NSE_EQ,1594,INFY,I,L,B,1,1100000008915297,180925000239104,25-Sep-2018 14:40:59,1537867103177809,729.5,29080058
NSE_EQ,17069,UJJIVAN,I,L,S,3,1300000006314146,180925000218244,25-Sep-2018 14:07:49,1537865016124225,266.8,77581912
NSE_EQ,30125,IBULHSGFIN,I,L,B,1,1100000007384915,180925000203276,25-Sep-2018 13:42:41,1537863438845274,848.8,28306546
NSE_EQ,3456,TATAMOTORS,I,L,B,2,1300000000323499,180925000013982,25-Sep-2018 09:19:29,1537848279442603,239.8,75262374
NSE_EQ,1594,INFY,I,M,S,3,1100000010019334,180925000262710,25-Sep-2018 15:16:48,1537868808249040,725.7,29557622
NSE_EQ,30125,IBULHSGFIN,I,L,S,15,1100000006559709,180925000183260,25-Sep-2018 13:15:53,1537863152209968,852.3,28244190
NSE_EQ,3456,TATAMOTORS,I,L,S,2,1300000004228361,180925000153514,25-Sep-2018 12:20:39,1537858239927497,240.1,76586470
NSE_EQ,30125,IBULHSGFIN,I,L,B,1,1100000000130089,180925000005823,25-Sep-2018 09:15:23,1537847229942151,949.8,25039445
NSE_EQ,11184,IDFCBANK,I,L,B,1,1100000001715054,180925000052975,25-Sep-2018 09:53:11,1537860602657975,37.6,27661715
NSE_EQ,17069,UJJIVAN,I,L,B,2,1300000006308645,180925000218019,25-Sep-2018 14:07:31,1537864654554647,259.5,77521787
NSE_EQ,3456,TATAMOTORS,I,L,B,4,1300000006222274,180925000215380,25-Sep-2018 14:03:41,1537864428106276,236.25,77482985
NSE_EQ,3456,TATAMOTORS,I,L,S,2,1300000006874891,180925000234683,25-Sep-2018 14:33:03,1537866855770071,238,77841601
NSE_EQ,404,BERGEPAINT,I,L,S,3,1000000001409668,180925000040243,25-Sep-2018 09:40:29,1537849609371134,288.6,711600
NSE_EQ,14732,DLF,I,L,B,1,1000000001489738,180925000042386,25-Sep-2018 09:42:15,1537854423309534,180.1,1888892
NSE_EQ,1333,HDFCBANK,I,L,B,1,1100000000133984,180925000006000,25-Sep-2018 09:15:26,1537847327317162,1918.9,25088551
NSE_EQ,2031,M&M,I,L,B,4,1200000000203138,180925000009632,25-Sep-2018 09:16:58,1537848576648213,869.4,50347417
NSE_EQ,14732,DLF,I,L,B,1,1000000009141174,180925000200573,25-Sep-2018 13:38:49,1537864349233967,172.9,3781358
NSE_EQ,317,BAJFINANCE,I,L,S,1,1000000000199473,180925000008304,25-Sep-2018 09:16:21,1537849350810003,2239.8,619053
NSE_EQ,3456,TATAMOTORS,I,L,S,6,1300000001048417,180925000041218,25-Sep-2018 09:41:14,1537849270102078,238.9,75442034
NSE_EQ,2031,M&M,I,L,B,1,1200000000117994,180925000006008,25-Sep-2018 09:15:26,1537847138519819,889,50018107
NSE_EQ,2031,M&M,I,L,S,3,1200000000202898,180925000009618,25-Sep-2018 09:16:58,1537847502892405,886.3,50121636
NSE_EQ,3045,SBIN,I,L,B,1,1300000000112443,180925000005899,25-Sep-2018 09:15:24,1537847240786228,261.9,75048414
NSE_EQ,1023,FEDERALBNK,I,L,B,1,1100000004644481,180925000135235,25-Sep-2018 11:37:13,1537855940435473,71.2,26989644
NSE_EQ,29124,PCJEWELLER,I,L,B,1,1200000000105456,180925000004961,25-Sep-2018 09:15:15,1537847121415202,72.8,50012756
NSE_EQ,11184,IDFCBANK,I,L,B,1,1100000008514699,180925000231280,25-Sep-2018 14:25:33,1537865942110270,37.3,28832907
NSE_EQ,30125,IBULHSGFIN,I,L,B,2,1100000000847111,180925000027283,25-Sep-2018 09:29:32,1537847978187869,924.7,25261730
NSE_EQ,3456,TATAMOTORS,I,L,B,2,1300000001308907,180925000051315,25-Sep-2018 09:51:23,1537858209561901,237.7,76581675
NSE_EQ,11184,IDFCBANK,I,L,S,3,1100000001306376,180925000041193,25-Sep-2018 09:41:14,1537849379425165,37.8,25622879
NSE_EQ,3906,CAPLIPOINT,D,L,S,1,1000000000337232,180925000012353,25-Sep-2018 09:18:27,1537849627388693,433.8,717889
NSE_EQ,30125,IBULHSGFIN,I,L,S,1,1100000007524428,180925000206361,25-Sep-2018 13:47:48,1537863839752038,857.3,28374861
NSE_EQ,11184,IDFCBANK,I,L,S,1,1100000000408700,180925000014370,25-Sep-2018 09:19:45,1537847434067593,38.2,25119178
NSE_EQ,3456,TATAMOTORS,I,L,B,2,1300000004231798,180925000153614,25-Sep-2018 12:20:54,1537862039866328,238.8,77046678
NSE_EQ,30125,IBULHSGFIN,I,L,S,3,1100000000858036,180925000027555,25-Sep-2018 09:29:47,1537851735208482,942.4,26182676
NSE_EQ,3456,TATAMOTORS,I,L,B,2,1300000000113126,180925000005923,25-Sep-2018 09:15:25,1537847268505918,240.1,75046191
NSE_EQ,1023,FEDERALBNK,I,L,B,2,1100000006568290,180925000183440,25-Sep-2018 13:16:05,1537861601159769,70.45,27895812
NSE_EQ,404,BERGEPAINT,I,L,B,1,1000000000130626,180925000005806,25-Sep-2018 09:15:23,1537847204045498,289.7,29406
NSE_EQ,1594,INFY,I,L,B,1,1100000008891704,180925000238623,25-Sep-2018 14:40:16,1537867102145874,729.6,29080038
NSE_EQ,30125,IBULHSGFIN,I,L,B,4,1100000006078324,180925000172372,25-Sep-2018 12:57:08,1537860958685295,873.6,27722574
NSE_EQ,11184,IDFCBANK,I,L,S,1,1100000000295654,180925000011525,25-Sep-2018 09:17:59,1537847353280080,38.2,25097068
NSE_EQ,3456,TATAMOTORS,I,L,S,2,1300000000251956,180925000011496,25-Sep-2018 09:17:58,1537847361560897,241.3,75078003
NSE_EQ,1023,FEDERALBNK,I,L,S,1,1100000004389100,180925000128924,25-Sep-2018 11:28:08,1537855628594940,71.6,26942691
NSE_EQ,2885,RELIANCE,I,L,B,2,1200000000201657,180925000009574,25-Sep-2018 09:16:56,1537858342238116,1225.1,51915000
NSE_EQ,3812,ZEEL,I,L,S,1,1300000000765886,180925000030197,25-Sep-2018 09:32:01,1537850125339814,443.6,75603920
NSE_EQ,1023,FEDERALBNK,I,L,S,3,1100000006604849,180925000184261,25-Sep-2018 13:16:52,1537865058709816,71.1,28635454
NSE_EQ,29124,PCJEWELLER,I,L,S,4,1200000006170941,180925000190377,25-Sep-2018 13:24:46,1537862097277168,69.3,52454111
NSE_EQ,2885,RELIANCE,I,L,B,1,1200000000115716,180925000005897,25-Sep-2018 09:15:24,1537847215155609,1234.5,50028044
NSE_EQ,3812,ZEEL,I,L,B,1,1300000000111067,180925000005810,25-Sep-2018 09:15:23,1537848117955578,441.4,75229183
NSE_EQ,2885,RELIANCE,I,L,S,2,1200000004959064,180925000154251,25-Sep-2018 12:22:23,1537858578322841,1228.2,51944048
NSE_EQ,1023,FEDERALBNK,I,L,B,1,1100000001773347,180925000054565,25-Sep-2018 09:54:51,1537855086420037,71.2,26832908
NSE_EQ,1023,FEDERALBNK,I,L,S,1,1100000000964100,180925000030639,25-Sep-2018 09:32:22,1537849484920674,71.6,25647880
NSE_EQ,1660,ITC,I,L,B,1,1100000000132376,180925000005916,25-Sep-2018 09:15:24,1537847340200985,295.5,25089533
NSE_EQ,1594,INFY,D,L,S,1,1100000000132554,180925000005919,25-Sep-2018 09:15:25,1537855676138383,731.6,26951038
NSE_EQ,11184,IDFCBANK,I,L,S,1,1100000008604515,180925000232992,25-Sep-2018 14:29:13,1537866851185266,37.5,29012253
NSE_EQ,15083,ADANIPORTS,I,L,B,2,1000000005304877,180925000123269,25-Sep-2018 11:19:46,1537862011066339,333,3234698
NSE_EQ,14732,DLF,I,L,S,1,1000000011115980,180925000234767,25-Sep-2018 14:33:14,1537866563332732,170.2,4378825
NSE_EQ,2031,M&M,I,L,S,4,1200000001067012,180925000039215,25-Sep-2018 09:39:42,1537848873801397,870.3,50411436
NSE_EQ,3045,SBIN,I,L,S,1,1300000000226605,180925000010551,25-Sep-2018 09:17:27,1537847257380625,262.3,75052470
NSE_EQ,17069,UJJIVAN,I,L,S,1,1300000000251373,180925000011480,25-Sep-2018 09:17:57,1537852877952018,273.4,76002297
NSE_EQ,14732,DLF,I,L,S,1,1000000009892295,180925000214515,25-Sep-2018 14:02:36,1537865079313161,173.8,4042338
NSE_EQ,2885,RELIANCE,I,L,S,1,1200000000201513,180925000009564,25-Sep-2018 09:16:56,1537847216636500,1237.75,50040968
NSE_EQ,15083,ADANIPORTS,D,L,S,3,1000000010589536,180925000226634,25-Sep-2018 14:18:22,1537867157305997,336.3,4546130
NSE_EQ,1023,FEDERALBNK,I,L,B,1,1100000000133858,180925000005988,25-Sep-2018 09:15:26,1537847301501513,70.9,25072793
NSE_EQ,30125,IBULHSGFIN,I,L,S,1,1100000007719507,180925000211260,25-Sep-2018 13:57:21,1537864908979866,857.5,28596602
NSE_EQ,11184,IDFCBANK,I,L,B,1,1100000008180206,180925000223865,25-Sep-2018 14:14:58,1537865476739777,37.3,28738612
NSE_EQ,3906,CAPLIPOINT,D,L,B,1,1000000000132288,180925000005904,25-Sep-2018 09:15:24,1537847301501608,429.5,71615
NSE_EQ,15083,ADANIPORTS,I,L,B,1,1000000000105938,180925000004791,25-Sep-2018 09:15:06,1537854584040779,339.8,1925522
NSE_EQ,17069,UJJIVAN,I,L,B,1,1300000000112614,180925000005907,25-Sep-2018 09:15:24,1537847275454316,269.4,75057149
NSE_EQ,14732,DLF,I,L,B,2,1000000008917172,180925000196141,25-Sep-2018 13:32:10,1537862536993613,172.9,3376295
NSE_EQ,3456,TATAMOTORS,I,L,B,4,1300000001015133,180925000039858,25-Sep-2018 09:40:14,1537848670425626,236.6,75342941
NSE_EQ,1023,FEDERALBNK,I,L,S,1,1100000004764581,180925000138061,25-Sep-2018 11:42:35,1537859728501548,71.6,27509121
NSE_EQ,14732,DLF,I,L,S,1,1000000001397122,180925000039860,25-Sep-2018 09:40:14,1537848720300528,182.6,457965
NSE_EQ,11184,IDFCBANK,I,L,S,3,1100000006370896,180925000179018,25-Sep-2018 13:09:25,1537865090237647,37.5,28644773
NSE_EQ,2885,RELIANCE,I,L,B,3,1200000004959250,180925000154257,25-Sep-2018 12:22:23,1537862782345783,1209.7,52563576
NSE_EQ,17069,UJJIVAN,I,L,B,1,1300000002749850,180925000103708,25-Sep-2018 10:51:25,1537855079579481,269.7,76289969
NSE_EQ,11184,IDFCBANK,I,L,S,1,1100000008392220,180925000228488,25-Sep-2018 14:21:25,1537865720516068,37.5,28792236
NSE_EQ,2031,M&M,I,L,B,2,1200000000135163,180925000006722,25-Sep-2018 09:15:42,1537847212262437,883.6,50026924
NSE_EQ,2885,RELIANCE,I,L,S,3,1200000006459783,180925000198838,25-Sep-2018 13:36:33,1537864999137270,1212.7,52934345
NSE_EQ,14732,DLF,I,L,B,1,1000000000134197,180925000005997,25-Sep-2018 09:15:26,1537848605037203,181.7,424448

